<marc:collection xmlns:marc="http://www.loc.gov/MARC21/slim" xmlns:xsi="http://www.w3.org/2001/XMLSchema-instance" xsi:schemaLocation="http://www.loc.gov/MARC21/slim http://www.loc.gov/standards/marcxml/schema/MARC21slim.xsd">
    <marc:record type="Bibliographic">
        <marc:leader>01543cam a2200349Ma 4500</marc:leader>
        <marc:controlfield tag="001">2767675</marc:controlfield>
        <marc:controlfield tag="003">NjP</marc:controlfield>
        <marc:controlfield tag="005">20110321101307.0</marc:controlfield>
        <marc:controlfield tag="008">931018s1963    sy      r     000 0 araod</marc:controlfield>
        <marc:datafield tag="035" ind1=" " ind2=" ">
            <marc:subfield code="a">(OCoLC)ocn178386974</marc:subfield>
        </marc:datafield>
        <marc:datafield tag="035" ind1=" " ind2=" ">
            <marc:subfield code="a">(OCoLC)ocm29286420</marc:subfield>
        </marc:datafield>
        <marc:datafield tag="040" ind1=" " ind2=" ">
            <marc:subfield code="a">CGU</marc:subfield>
            <marc:subfield code="c">PUL</marc:subfield>
            <marc:subfield code="d">PUL</marc:subfield>
        </marc:datafield>
        <marc:datafield tag="035" ind1=" " ind2=" ">
            <marc:subfield code="a">(OCoLC)178386974</marc:subfield>
        </marc:datafield>
        <marc:datafield tag="035" ind1=" " ind2=" ">
            <marc:subfield code="9">CNG3828TS</marc:subfield>
        </marc:datafield>
        <marc:datafield tag="035" ind1=" " ind2=" ">
            <marc:subfield code="a">(NjP)2767675</marc:subfield>
        </marc:datafield>
        <marc:datafield tag="079" ind1=" " ind2=" ">
            <marc:subfield code="a">ocm29286420</marc:subfield>
        </marc:datafield>
        <marc:datafield tag="090" ind1=" " ind2=" ">
            <marc:subfield code="a">AC106</marc:subfield>
            <marc:subfield code="b">.Z33 1963</marc:subfield>
        </marc:datafield>
        <marc:datafield tag="049" ind1=" " ind2=" ">
            <marc:subfield code="a">PULL</marc:subfield>
        </marc:datafield>
        <marc:datafield tag="100" ind1="1" ind2=" ">
            <marc:subfield code="6">880-01</marc:subfield>
            <marc:subfield code="a">Zahrāwī, ʻAbd al-Ḥamīd,</marc:subfield>
            <marc:subfield code="d">1855-1916.</marc:subfield>
        </marc:datafield>
        <marc:datafield tag="245" ind1="1" ind2="3">
            <marc:subfield code="6">880-02</marc:subfield>
            <marc:subfield code="a">al-Irth al-fikrī lil-muṣliḥ al-ijtimāʻī ʻAbd al-Ḥamīd al-Zahrāwī ; jamaʻahu wa-ḥaqqaqahu Jawdat al-Rikābī, Jamīl Sulṭān.</marc:subfield>
        </marc:datafield>
        <marc:datafield tag="260" ind1=" " ind2=" ">
            <marc:subfield code="6">880-03</marc:subfield>
            <marc:subfield code="a">Dimashq :</marc:subfield>
            <marc:subfield code="b">al-Majlis al-ʻAlá li-Riʻāyat al-Funūn wa-al-Ādāb wa-al-ʻUlūm al-Ijtimāʻīyah,</marc:subfield>
            <marc:subfield code="c">1963.</marc:subfield>
        </marc:datafield>
        <marc:datafield tag="300" ind1=" " ind2=" ">
            <marc:subfield code="a">515 p.</marc:subfield>
        </marc:datafield>
        <marc:datafield tag="533" ind1=" " ind2=" ">
            <marc:subfield code="a">Photocopy.</marc:subfield>
            <marc:subfield code="b">[S.l. :</marc:subfield>
            <marc:subfield code="c">s.n.,</marc:subfield>
            <marc:subfield code="d">1993]</marc:subfield>
            <marc:subfield code="e">22 x 30 cm.</marc:subfield>
        </marc:datafield>
        <marc:datafield tag="700" ind1="1" ind2=" ">
            <marc:subfield code="6">880-04</marc:subfield>
            <marc:subfield code="a">Rikābī, Jawdat.</marc:subfield>
        </marc:datafield>
        <marc:datafield tag="700" ind1="1" ind2=" ">
            <marc:subfield code="6">880-05</marc:subfield>
            <marc:subfield code="a">Sulṭān, Jamīl.</marc:subfield>
        </marc:datafield>
        <marc:datafield tag="880" ind1="1" ind2=" ">
            <marc:subfield code="6">100-01/r</marc:subfield>
            <marc:subfield code="a">زهراوي، عبد الحميد،</marc:subfield>
            <marc:subfield code="d">1855-1916.</marc:subfield>
        </marc:datafield>
        <marc:datafield tag="880" ind1="1" ind2="2">
            <marc:subfield code="6">245-02/r</marc:subfield>
            <marc:subfield code="a">الارث الفكري للمصلح الاجتماعي عبد الحميد الزهراوي ؛ جمعه وحققه جودة الركابي، جميل سلطان.</marc:subfield>
        </marc:datafield>
        <marc:datafield tag="880" ind1=" " ind2=" ">
            <marc:subfield code="6">260-03/r</marc:subfield>
            <marc:subfield code="a">دمشق :</marc:subfield>
            <marc:subfield code="b">المجلس العلى لرعاية الفنون والآداب والعلوم الاجتماعية،</marc:subfield>
            <marc:subfield code="c">1963.</marc:subfield>
        </marc:datafield>
        <marc:datafield tag="880" ind1="1" ind2=" ">
            <marc:subfield code="6">700-04/r</marc:subfield>
            <marc:subfield code="a">ركابي، جودة.</marc:subfield>
        </marc:datafield>
        <marc:datafield tag="880" ind1="1" ind2=" ">
            <marc:subfield code="6">700-05/r</marc:subfield>
            <marc:subfield code="a">سلطان، جميل.</marc:subfield>
        </marc:datafield>
        <marc:datafield tag="911" ind1=" " ind2=" ">
            <marc:subfield code="a">20000130</marc:subfield>
        </marc:datafield>
        <marc:datafield tag="994" ind1=" " ind2=" ">
            <marc:subfield code="a">C0</marc:subfield>
            <marc:subfield code="b">PUL</marc:subfield>
        </marc:datafield>
        <marc:datafield tag="999" ind1=" " ind2=" ">
            <marc:subfield code="a">2767675</marc:subfield>
        </marc:datafield>
    </marc:record>
    </marc:collection>